@article{article,
author = {Doe, John},
year = {1987},
month = {01},
pages = {},
title = {Example title},
journal = {Example conference}
}


@misc{noauthor_how_2020,
	title = {How {Many} {Words} {Are} {There} {In} {The} {English} {Language}?},
	url = {https://www.dictionary.com/e/how-many-words-in-english/},
	abstract = {How many words are in the English language? It would seem like a simple question, but the answer is anything but.},
	language = {en-US},
	urldate = {2022-04-21},
	journal = {Dictionary.com},
	month = jul,
	year = {2020},
	note = {Section: Word Facts},
	file = {Snapshot:/Users/robb/Zotero/storage/BSWG76ST/how-many-words-in-english.html:text/html},
}
